

@inproceedings{triangle_strips,
  title={Geometry compression},
  author={Deering, Michael},
  booktitle={Proceedings of the 22nd annual conference on Computer graphics and interactive techniques},
  pages={13--20},
  year={1995},
  organization={Citeseer}
}

@inproceedings{cut_border_machine_2d,
  title={Improved cut-border machine for triangle mesh compression},
  author={Gumhold, Stefan},
  booktitle={Erlangen Workshop},
  volume={99},
  pages={261--268},
  year={1999}
}
@inproceedings{cut_border_machine_3d,
  title={Tetrahedral mesh compression with the cut-border machine},
  author={Gumhold, Stefan and Guthe, Stefan and Stra{\ss}er, Wolfgang},
  booktitle={Proceedings of the conference on Visualization'99: celebrating ten years},
  pages={51--58},
  year={1999},
  organization={IEEE Computer Society Press}
}
@article{edgebreaker,
  title={Edgebreaker: Connectivity compression for triangle meshes},
  author={Rossignac, Jarek},
  journal={IEEE transactions on visualization and computer graphics},
  volume={5},
  number={1},
  pages={47--61},
  year={1999},
  publisher={IEEE}
}

@article{topological_surgery,
  title={Geometric compression through topological surgery},
  author={Taubin, Gabriel and Rossignac, Jarek},
  journal={ACM Transactions on Graphics (TOG)},
  volume={17},
  number={2},
  pages={84--115},
  year={1998},
  publisher={ACM}
}

@inproceedings{valence_encoding,
  title={Triangle mesh compression},
  author={Touma, Costa},
  booktitle={Graphics Interface 98},
  year={1998}
}

@techreport{grow_and_fold,
  title={Grow \& fold: Compression of tetrahedral meshes},
  author={Szymczak, Andrzej and Rossignac, Jaroslaw R},
  year={1999},
  institution={Georgia Institute of Technology}
}


@inproceedings{triangle_strips_weiler,
  title={Texture-encoded tetrahedral strips},
  author={Weiler, Manfred and Mall{\'o}n, Paula N and Kraus, Martin and Ertl, Thomas},
  booktitle={2004 IEEE Symposium on Volume Visualization and Graphics},
  pages={71--78},
  year={2004},
  organization={IEEE}
}


@inproceedings{CHF,
  title={CHF: a scalable topological data structure for tetrahedral meshes},
  author={Lage, Marcos and Lewiner, Thomas and Lopes, H{\'e}lio and Velho, Luiz},
  booktitle={XVIII Brazilian Symposium on Computer Graphics and Image Processing (SIBGRAPI'05)},
  pages={349--356},
  year={2005},
  organization={IEEE}
}

@inproceedings{SOT,
  title={SOT: compact representation for tetrahedral meshes},
  author={Gurung, Topraj and Rossignac, Jarek},
  booktitle={2009 SIAM/ACM Joint Conference on Geometric and Physical Modeling},
  pages={79--88},
  year={2009},
  organization={ACM}
}

@book{CGAL,
  title = {{CGAL} User and Reference Manual},
  author = {{The CGAL Project}},
  publisher = {{CGAL Editorial Board}},
  edition = {{4.14}},
  year = 2019,
  url = {https://doc.cgal.org/4.14/Manual/packages.html}
}


@article{star_vertices,
  title={Star-vertices: a compact representation for planar meshes with adjacency information},
  author={Kallmann, Marcelo and Thalmann, Daniel},
  journal={Journal of Graphics Tools},
  volume={6},
  number={1},
  pages={7--18},
  year={2001},
  publisher={Taylor \& Francis}
}

@techreport{winged_edge,
  title={Winged edge polyhedron representation},
  author={Baumgart, Bruce G},
  year={1972},
  institution={STANFORD UNIV CA DEPT OF COMPUTER SCIENCE}
}

@article{2d_catalog,
  title={Catalog-based representation of 2D triangulations},
  author={Aleardi, Luca Castelli and Devillers, Olivier and Mebarki, Abdelkrim},
  journal={International Journal of Computational Geometry \& Applications},
  volume={21},
  number={04},
  pages={393--402},
  year={2011},
  publisher={World Scientific}
}

@inproceedings{squad,
  title={SQuad: Compact representation for triangle meshes},
  author={Gurung, Topraj and Laney, Daniel and Lindstrom, Peter and Rossignac, Jarek},
  booktitle={Computer Graphics Forum},
  volume={30},
  number={2},
  pages={355--364},
  year={2011},
  organization={Wiley Online Library}
}


@inproceedings{rank_and_select,
  title={Fast, small, simple rank/select on bitmaps},
  author={Navarro, Gonzalo and Providel, Eliana},
  booktitle={International Symposium on Experimental Algorithms},
  pages={295--306},
  year={2012},
  organization={Springer}
}

@incollection{AlliezG05,
  author    = {Pierre Alliez and
               Craig Gotsman},
  title     = {Recent Advances in Compression of 3D Meshes},
  booktitle = {Advances in Multiresolution for Geometric Modelling},
  pages     = {3--26},
  year      = {2005},
  publisher = {Springer},
  url       = {http://dx.doi.org/10.1007/3-540-26808-1_1}
}

@inproceedings{AlumbaughJ05,
doi = "10.1007/3-540-29090-7_29",
  title={Compact array-based mesh data structures},
  author={Alumbaugh, Tyler J and Jiao, Xiangmin},
  booktitle={Proceedings of the 14th International Meshing Roundtable},
  pages={485--503},
  year={2005},
  organization={Springer}
}

@article{BarbayISAAC07,
doi = "10.1007/s00453-010-9452-7",
url = "https://hal.inria.fr/hal-00712915v1",
  title={Succinct representation of labeled graphs},
  author={Barbay, J{\'e}r{\'e}my and Aleardi, Luca Castelli and He, Meng and Munro, J Ian},
  journal={Algorithmica},
  volume={62},
  number={1-2},
  pages={224--257},
  year={2012},
  publisher={Springer}
}

@techreport{Baumgart72,
url = "http://www.dtic.mil/cgi-bin/GetTRDoc?Location=U2&doc=GetTRDoc.pdf&AD=AD0755141",
  title={Winged edge polyhedron representation},
  author={Baumgart, Bruce G},
  year={1972},
  institution={DTIC Document}
}

@inproceedings{Baumgart75,
doi = "10.1145/1499949.1500071",
  title={A polyhedron representation for computer vision},
  author={Baumgart, Bruce G},
  booktitle={Proceedings National Computer Conference and Exposition},
  pages={589--596},
  year={1975},
  organization={ACM}
}

@article{Benoit99,
doi = "10.1007/s00453-004-1146-6",
  title={Representing trees of higher degree},
  author={Benoit, David and Demaine, Erik D and Munro, J Ian and Raman, Rajeev and Raman, Venkatesh and Rao, S Srinivasa},
  journal={Algorithmica},
  volume={43},
  number={4},
  pages={275--292},
  year={2005},
  publisher={Springer}
}

@inproceedings{Bla03,
url = "https://www.cs.cmu.edu/~guyb/papers/BF10.pdf",
  title={Compact representations of separable graphs},
  author={Daniel Blanford and  Guy Blelloch and Ian Kash},
  booktitle={Proceedings of the Fourteenth Annual ACM-SIAM Symposium on Discrete Algorithms},
  pages={679--688},
  year={2003}
}

@article{Boissonnat02,
doi = "10.1016/S0925-7721(01)00054-2",
url = "https://hal.inria.fr/inria-00167199",
  title={Triangulations in {CGAL}},
  author={Boissonnat, Jean-Daniel and Devillers, Olivier and Pion, Sylvain and Teillaud, Monique and Yvinec, Mariette},
  journal={Computational Geometry: Theory \& Applications},
  volume={22},
  pages={5--19},
  year={2002}
}

@article{Bonichon05,
  TITLE = {{A Bijection between realizers of maximal plane graphs and pairs of non-crossing Dyck paths}},
  AUTHOR = {Bonichon, Nicolas},
  URL = {https://hal.archives-ouvertes.fr/hal-00307593},
  JOURNAL = {{Discrete Mathematics}},
  PUBLISHER = {{Elsevier}},
  VOLUME = {298},
  PAGES = {104--114},
  YEAR = {2005}
}

@article{Bonichon09,
  TITLE = {{Catalan's intervals and realizers of triangulations}},
  AUTHOR = {Bernardi, Olivier and Bonichon, Nicolas},
  URL = {https://hal.archives-ouvertes.fr/hal-00143870},
  NOTE = {22 pages},
  JOURNAL = {{Journal of Combinatorial Theory, Series A}},
  PUBLISHER = {{Elsevier}},
  VOLUME = {116},
  NUMBER = {1},
  PAGES = {55-75},
  YEAR = {2009}
}

@article{Brehm_thesis,
  title={3-orientations and {Schnyder} 3-tree-decompositions},
  author={Brehm, Enno},
  journal={Master's Thesis, FB Mathematik und Informatik, Freie Universit{\"a}t Berlin},
  year={2000}
}

@article{campagna99,
doi = "10.1080/10867651.1998.10487494",
  title={Directed Edgesâ€”A Scalable Representation for Triangle Meshes},
  author={Swen Campagna and Leif Kobbelt and Hans-Peter Seidel},
  journal={Journal of Graphics Tools},
  volume={3},
  pages={1--11},
  year={1998}
}

@article{CastelliDM06
, url   =   "http://hal.inria.fr/inria-00560400"
, title =  "Catalog Based Representation of 2D triangulations"
, author =  "Luca {Castelli Aleardi} and Olivier Devillers and Abdelkrim Mebarki"
, journal = "International Journal of Computational Geometry \& Applications"
, volume =  "21"
, year =    2011
, pages =   "393--402"
, doi = "10.1142/S021819591100372X"
,  x-international-audience = "yes"
,  x-editorial-board = "yes"
, hal = "yes"
}

@inproceedings{CastelliWADS05
, url = "http://hal.inria.fr/inria-00090707"
, title =  "Succinct representation of triangulations with a boundary"
, author =  "Luca {Castelli Aleardi} and Olivier Devillers and Gilles Schaeffer"
, booktitle =   "Proc. 9th Workshop on Algorithms and Data Structures"
, year =    2005
, pages =   "134--135"
, geombib = "not yet"
, series =      "Lecture Notes in Computer Science"
, volume = 3608
, publisher =   "Springer-Verlag"
, hal = "yes"
}

@article{AleardiDS08
, category = 1
, author = "Luca {Castelli Aleardi} and Olivier Devillers and Gilles Schaeffer"
, title =  "Succinct representations of planar maps"
, journal =     "Theoretical Computer Science"
, year = 2008
, volume = 408
, pages = "174--187"
, url = "http://hal.inria.fr/inria-00337821/"
, doi = "10.1016/j.tcs.2008.08.016"
, x-international-audience = "yes"
, x-editorial-board = "yes" 
, hal = "yes"
}

@techreport{CastelliRR2011
, title       = "Explicit array-based compact data structures for triangulations"
, author      = "Luca {Castelli Aleardi} and Olivier Devillers"
, institution = "INRIA"
, year        = 2011
, type        = "Research Report"
, number      = 7736
, url         = "http://hal.inria.fr/inria-00623762v2/"
, hal = "yes"
} 

@article{AleardiFL09,
doi = "10.1007/s00454-009-9169-z",
url = "https://hal.inria.fr/hal-00712046v1",
  title={{Schnyder} woods for higher genus triangulated surfaces, with applications to encoding},
  author={Castelli Aleardi, Luca and Fusy, {\'E}ric and Lewiner, Thomas},
  journal={Discrete \& Computational Geometry},
  volume={42},
  number={3},
  pages={489--516},
  year={2009},
  publisher={Springer}
}

@inproceedings{CastelliDR12,
  author    = {Castelli Aleardi, Luca and
               Devillers, Olivier and
               Rossignac, Jarek},
  title     = {{ESQ:} Editable SQuad Representation for Triangle Meshes},
  booktitle = {25th Conference on Graphics, Patterns and Images, {SIBGRAPI}
               2012},
  pages     = {110--117},
  year      = {2012},
  url       = {http://dx.doi.org/10.1109/SIBGRAPI.2012.24}
}

@incollection{CastelliDR16,
  author    = {Luca {Castelli Aleardi} and
               Olivier Devillers and
               Jarek Rossignac},
  title     = {Triangulation Data Structures},
  booktitle = {Encyclopedia of Algorithms},
  publisher = "Springer",
  pages     = {2262--2267},
  year      = {2016},
  url       = {http://dx.doi.org/10.1007/978-1-4939-2864-4_589},
}

@incollection{Chu98,
doi = "10.1007/BFb0055046",
  title={Compact encodings of planar graphs via canonical orderings and multiple parentheses},
  author={Chuang, Richie Chih-Nan and Garg, Ashim and He, Xin and Kao, Ming-Yang and Lu, Hsueh-I},
  booktitle={Automata, Languages and Programming},
  pages={118--129},
  year={1998},
  publisher={Springer}
}

@article{DeFraysseix01,
doi = "10.1016/S0012-365X(00)00201-6",
  title={On topological aspects of orientations},
  author={De Fraysseix, Hubert and de Mendez, Patrice Ossona},
  journal={Discrete Mathematics},
  volume={229},
  number={1},
  pages={57--72},
  year={2001},
  publisher={Elsevier}
}

@article{DespreGL17,
  author    = {Vincent Despr{\'{e}} and
               Daniel Gon{\c{c}}alves and
               Benjamin L{\'{e}}v{\^{e}}que},
  title     = {Encoding Toroidal Triangulations},
  journal   = {Discrete {\&} Computational Geometry},
  volume    = {57},
  number    = {3},
  pages     = {507--544},
  year      = {2017},
  url       = {https://doi.org/10.1007/s00454-016-9832-0}
}

@article{Felsner01,
doi = "10.1023/A:1010604726900",
  title={Convex drawings of planar graphs and the order dimension of 3-polytopes},
  author={Felsner, Stefan},
  journal={Order},
  volume={18},
  number={1},
  pages={19--37},
  year={2001},
  publisher={Springer}
}

@article{GoncalvesL14,
  author    = {Daniel Gon{\c{c}}alves and
               Benjamin L{\'{e}}v{\^{e}}que},
  title     = {Toroidal Maps: Schnyder Woods, Orthogonal Surfaces and Straight-Line
               Representations},
  journal   = {Discrete {\&} Computational Geometry},
  volume    = {51},
  number    = {1},
  pages     = {67--131},
  year      = {2014},
  url       = {http://dx.doi.org/10.1007/s00454-013-9552-7}
}

@article{Gotsman03,
  author    = {Craig Gotsman},
  title     = {On the Optimality of Valence-based Connectivity Coding},
  journal   = {Comput. Graph. Forum},
  volume    = {22},
  number    = {1},
  pages     = {99--102},
  year      = {2003},
  url       = {https://doi.org/10.1111/1467-8659.t01-1-00649}
}

@article{GuibasS85,
doi = "10.1145/282918.282923",
  title={Primitives for the manipulation of general subdivisions and the computation of {Voronoi} diagrams},
  author={Guibas, Leonidas and Stolfi, Jorge},
  journal={ACM transactions on graphics (TOG)},
  volume={4},
  number={2},
  pages={74--123},
  year={1985},
  publisher={ACM}
}



@article{Gurung2010,
doi = "10.1111/j.1467-8659.2011.01866.x",
  title={{SQuad}: Compact representation for triangle meshes},
  author={Gurung, Topraj and Laney, Daniel and Lindstrom, Peter and Rossignac, Jarek},
  journal={Computer Graphics Forum},
  volume={30},
  number={2},
  pages={355--364},
  year={2011},
  organization={Wiley Online Library}
}

@inproceedings{GurungR09,
doi = "10.1145/1629255.1629266",
  title={{SOT}: compact representation for tetrahedral meshes},
  author={Gurung, Topraj and Rossignac, Jarek},
  booktitle={2009 SIAM/ACM Joint Conference on Geometric and Physical Modeling},
  pages={79--88},
  year={2009},
  organization={ACM}
}

@article{Gurung2011,
doi = "10.1145/2010324.1964962",
  title={{LR}: compact connectivity representation for triangle meshes},
  author={Gurung, Topraj and Luffel, Mark and Lindstrom, Peter and Rossignac, Jarek},
  volume={30},
  journal={ACM transactions on graphics (TOG)},
  number={4},
  year={2011},
  publisher={ACM}
}

@article{GurungLLR14,
  author    = {Mark Luffel and
               Topraj Gurung and
               Peter Lindstrom and
               Jarek Rossignac},
  title     = {Grouper: {A} Compact, Streamable Triangle Mesh Data Structure},
  journal   = {{IEEE} Trans. Vis. Comput. Graph.},
  volume    = {20},
  number    = {1},
  pages     = {84--98},
  year      = {2014},
  url       = {http://dx.doi.org/10.1109/TVCG.2013.81}
}

@article{GurungLLR13,
  author    = {Topraj Gurung and
               Mark Luffel and
               Peter Lindstrom and
               Jarek Rossignac},
  title     = {Zipper: {A} compact connectivity data structure for triangle meshes},
  journal   = {Computer-Aided Design},
  volume    = {45},
  number    = {2},
  pages     = {262--269},
  year      = {2013},
  url       = {http://dx.doi.org/10.1016/j.cad.2012.10.009},
}

@article{He99,
  author    = {Xin He and
               Ming{-}Yang Kao and
               Hsueh{-}I Lu},
  title     = {Linear-Time Succinct Encodings of Planar Graphs via Canonical Orderings},
  journal   = {{SIAM} J. Discrete Math.},
  volume    = {12},
  number    = {3},
  pages     = {317--325},
  year      = {1999},
  url       = {http://dx.doi.org/10.1137/S0895480197325031}
}

@article{Kal02,
doi = "10.1080/10867651.2001.10487533",
  title={Star-vertices: a compact representation for planar meshes with adjacency information},
  author={Kallmann, Marcelo and Thalmann, Daniel},
  journal={Journal of Graphics Tools},
  volume={6},
  number={1},
  pages={7--18},
  year={2001},
  publisher={Taylor \& Francis}
}

@article{Kettner99,
  author    = {Lutz Kettner},
  title     = {Using generic programming for designing a data structure for polyhedral
               surfaces},
  journal   = {Comput. Geom.},
  volume    = {13},
  number    = {1},
  pages     = {65--90},
  year      = {1999},
  url       = {https://doi.org/10.1016/S0925-7721(99)00007-3}
}

@incollection{Kobourov16,
  author    = {Stephen G. Kobourov},
  title     = {Canonical Orders and Schnyder Realizers},
  booktitle = {Encyclopedia of Algorithms},
  pages     = {277--283},
  year      = {2016},
  publisher={Springer},
 url    = {http://dblp.uni-trier.de/rec/bib/reference/algo/Kobourov16},
}

@article{Liskovets99,
  author    = {Valery A. Liskovets},
  title     = {A Pattern of Asymptotic Vertex Valency Distributions in Planar Maps},
  journal   = {J. Comb. Theory, Ser. {B}},
  volume    = {75},
  number    = {1},
  pages     = {116--133},
  year      = {1999},
  url       = {https://doi.org/10.1006/jctb.1998.1870}
}

@article{MagloLDH15,
  author    = {Adrien Maglo and
               Guillaume Lavou{\'{e}} and
               Florent Dupont and
               C{\'{e}}line Hudelot},
  title     = {3D Mesh Compression: Survey, Comparisons, and Emerging Trends},
  journal   = {{ACM} Comput. Surv.},
  volume    = {47},
  number    = {3},
  pages     = {7:1--7:41},
  year      = {2015},
  url       = {http://dx.doi.org/10.1145/2693443},
}

@article{Mun01,
doi = "10.1137/S0097539799364092",
  title={Succinct representation of balanced parentheses and static trees},
  author={Munro, J Ian and Raman, Venkatesh},
  journal={SIAM Journal on Computing},
  volume={31},
  number={3},
  pages={762--776},
  year={2001},
  publisher={SIAM}
}

@article{Pou03,
doi = "10.1007/s00453-006-0114-8",
  title={Optimal coding and sampling of triangulations},
  author={Poulalhon, Dominique and Schaeffer, Gilles},
  journal={Algorithmica},
  volume={46},
  number={3-4},
  pages={505--527},
  year={2006},
  publisher={Springer}
}

@article{Ros99,
doi = "10.1109/2945.764870",
  title={Edgebreaker: Connectivity compression for triangle meshes},
  author={Rossignac, Jarek},
  journal={Visualization and Computer Graphics, IEEE Transactions on},
  volume={5},
  number={1},
  pages={47--61},
  year={1999},
  publisher={IEEE}
}


@inproceedings{Schnyder90,
url = "http://departamento.us.es/dma1euita/PAIX/Referencias/schnyder.pdf",
  title={Embedding planar graphs on the grid},
  author={Schnyder, Walter},
  booktitle={Proceedings of the Annual ACM-SIAM Symposium on Discrete Algorithms},
  volume={90},
  pages={138--148},
  year={1990}
}

@inproceedings{SnoeyinkSpe99,
url = "https://www.win.tue.nl/~speckman/papers/Tripod.pdf",
  title={Tripod: a minimalist data structure for embedded triangulations},
  author={Snoeyink, Jack and Speckmann, Bettina},
booktitle = "Workshop on Comput. Graph Theory and Combinatorics",
year = 1999
}

@inproceedings{ToumaG98,
  author    = {Costa Touma and
               Craig Gotsman},
  title     = {Triangle Mesh Compression},
  booktitle = {Proc. of the Graphics Interface 1998 Conference},
  pages     = {26--34},
  year      = {1998},
  doi = "10.20380/GI1998.04"
}

@article{YamanakaN10,
doi = "10.1016/j.ipl.2010.06.014",
  title={A compact encoding of plane triangulations with efficient query supports},
  author={Yamanaka, Katsuhisa and Nakano, Shin-ichi},
  journal={Information Processing Letters},
  volume={110},
  number={18},
  pages={803--809},
  year={2010},
  publisher={Elsevier}
}


